@misc{IsabelleAVL,
  title = {Avl. Theory 路 master 路 Isabelle / afp 路 GitLab},
  author = {Isabelle},
  year = {2022},
  url = {https://gl.mathhub.info/Isabelle/AFP/-/blob/master/source/AVL-Trees/AVL-Trees.AVL.theory},
  note = {Accessed: 2022-08-19}
}

@misc{HOLBalancedBST,
  title = {HOL/examples/balanced\_bst/balanced\_mapScript.sml at kodwani\_dev 路 sineeha-Kodwani/HOL},
  author = {HOL},
  note = {Accessed: 2024-10-22},
  url = {https://github.com/sineeha-Kodwani/HOL/blob/kodwani_dev/examples/balanced_bst/balanced_mapScript.sml}
}

@misc{HOLProver,
  title = {Hol Interactive Theorem Prover},
  author = {HOL},
  note = {Accessed: 2024-10-22},
  url = {https://hol-theorem-prover.org/}
}

@book{Klein2016,
  title = {Basic Concepts in Data Structures},
  author = {S. T. Klein},
  year = {2016},
  publisher = {Cambridge University Press},
  edition = {1st},
  doi = {10.1017/CBO9781316676226}
}

@book{gordon1993introduction,
  title={Introduction to HOL: a theorem proving environment for higher order logic},
  author={Gordon, Michael J.C. and Melham, Tom F.},
  year={1993},
  publisher={Cambridge University Press}
}

@incollection{harrison2009handbook,
  title={Handbook of practical logic and automated reasoning},
  author={Harrison, John},
  year={2009},
  publisher={Cambridge University Press}
}

@book{nipkow2002isabelle,
  title={Isabelle/HOL: A Proof Assistant for Higher-Order Logic},
  author={Nipkow, Tobias and Paulson, Lawrence C. and Wenzel, Markus},
  year={2002},
  publisher={Springer-Verlag}
}

@article{avigad2014formally,
  title={Formally verified mathematics},
  author={Avigad, Jeremy and Harrison, John},
  journal={Communications of the ACM},
  volume={57},
  number={4},
  pages={66--75},
  year={2014},
  publisher={ACM}
}

@article{gordon2008hol4,
  title={A brief overview of HOL4},
  author={Gordon, Mike and others},
  journal={LNCS},
  year={2008}
}
